@book{ross2023,
  author    = {Ross, Sheldon M.},
  title     = {Introduction to Probability Models},
  edition   = {13},
  year      = {2023},
  publisher = {Academic Press},
  isbn      = {978-0-443-18761-2}
}
@book{ross2022,
  author    = {Ross, Sheldon M.},
  title     = {Simulation},
  edition   = {6},
  year      = {2022},
  publisher = {Academic Press},
  isbn      = {978-0-323-89961-1}
}
@book{shortle2018,
  author    = {James F. Shortle and John M. Thompson and Donald Gross and Carl M. Harris},
  title     = {Fundamentals of Queueing Theory},
  series    = {Wiley Series in Probability and Statistics},
  edition   = {5},
  year      = {2018},
  publisher = {Wiley},
  doi       = {10.1002/9781119453765}
}
@online{gfg2024,
  author    = {GeeksforGeeks},
  title     = {What are Message Brokers in System Design?},
  year      = {2024},
  url       = {https://www.geeksforgeeks.org/what-are-message-brokers-in-system-design/},
  note      = {Accessed: 2025-02-16}
}
